@Book{DBLP:books/daglib/0022396,
  author       = {Andrew W. Appel},
  title	       = {Compiling with Continuations (corr. version)},
  year	       = 2006,
  publisher    = {Cambridge University Press},
  isbn	       = {978-0-521-03311-4},
  timestamp    = {Thu, 24 Mar 2011 18:59:40 +0100},
  biburl       = {https://dblp.org/rec/books/daglib/0022396.bib},
  bibsource    = {dblp computer science bibliography,
                  https://dblp.org}
}

@article{steel1975scheme,
  title={Scheme: An interpreter for the extended lambda calculus},
  author={Steel, Guy and Sussman, Gerald},
  journal={Memo349, MIT Artificial Intelligence Laboratory. SteelScheme: An Interpreter for the Extended Lambda Calculus1975},
  year={1975}
}
                  
@article{steele1978rabbit,
  title={Rabbit: A compiler for Scheme},
  author={Steele Jr, Guy L},
  year={1978},
  publisher={Massachusetts Institute of Technology}
}

@book{barendregt1984lambda,
  title={The lambda calculus},
  author={Barendregt, Hendrik P and others},
  volume={3},
  year={1984},
  publisher={North-Holland Amsterdam}
}

@misc{webassemblyhomepage,
  title={WebAssembly Home Page},
  howpublished={\url{https://webassembly.org}},
  note={Accessed: 2020-12-01}
}

@misc{haskellhomepage,
  title={Haskell Home Page},
  howpublished={\url{https://haskell.org}},
  note={Accessed: 2020-12-01}
}

@InProceedings{DBLP:conf/popl/Wadler92,
  author       = {Philip Wadler},
  title	       = {The Essence of Functional Programming},
  year	       = 1992,
  booktitle    = {Conference Record of the Nineteenth Annual {ACM}
                  {SIGPLAN-SIGACT} Symposium on Principles of
                  Programming Languages, Albuquerque, New Mexico, USA,
                  January 19-22, 1992},
  pages	       = {1-14},
  doi	       = {10.1145/143165.143169},
  url	       = {https://doi.org/10.1145/143165.143169},
  crossref     = {DBLP:conf/popl/1992},
  timestamp    = {Tue, 06 Nov 2018 11:07:43 +0100},
  biburl       = {https://dblp.org/rec/conf/popl/Wadler92.bib},
  bibsource    = {dblp computer science bibliography,
                  https://dblp.org}
}

@proceedings{DBLP:conf/popl/1992,
  editor    = {Ravi Sethi},
  title     = {Conference Record of the Nineteenth Annual {ACM} {SIGPLAN-SIGACT}
               Symposium on Principles of Programming Languages, Albuquerque, New
               Mexico, USA, January 19-22, 1992},
  publisher = {{ACM} Press},
  year      = {1992},
  url       = {http://dl.acm.org/citation.cfm?id=143165},
  isbn      = {0-89791-453-8},
  timestamp = {Wed, 02 Dec 2020 11:04:42 +0100},
  biburl    = {https://dblp.org/rec/conf/popl/1992.bib},
  bibsource = {dblp computer science bibliography, https://dblp.org}
}

@article{bruin2020framevm,
  title={Dynamix on the Frame VM: Declarative dynamic semantics on a VM using scopes as frames},
  author={Bruin, Chiel},
  url= {http://resolver.tudelft.nl/uuid:ddedce14-65ad-4f16-912e-6b0658eaecc0},
  year={2020},
  publisher={Delft University of Technology}
}
